<record><leader>00000cas a2200000 a 4500</leader><controlfield tag="001">12334886</controlfield><controlfield tag="008">850801d19071907ksuwr ne      0    0eng d</controlfield><datafield ind1=" " ind2=" " tag="010"><subfield code="a">sn 85030678 </subfield></datafield><datafield ind1=" " ind2=" " tag="040"><subfield code="a">KSH</subfield><subfield code="b">eng</subfield><subfield code="c">KSH</subfield><subfield code="d">NPT</subfield><subfield code="d">OCL</subfield><subfield code="d">OCLCQ</subfield></datafield><datafield ind1=" " ind2=" " tag="042"><subfield code="a">msc</subfield></datafield><datafield ind1="0" ind2="4" tag="245"><subfield code="a">The Hutchinson times and Pretty Prairie record.</subfield></datafield><datafield ind1=" " ind2=" " tag="260"><subfield code="a">Hutchinson, Kan. :</subfield><subfield code="b">Times Co.,</subfield><subfield code="c">1907.</subfield></datafield><datafield ind1=" " ind2=" " tag="300"><subfield code="a">1 v. :</subfield><subfield code="b">ill. ;</subfield><subfield code="c">54 cm.</subfield></datafield><datafield ind1=" " ind2=" " tag="310"><subfield code="a">Weekly</subfield></datafield><datafield ind1="0" ind2=" " tag="362"><subfield code="a">Vol. 2, no. 1 (Feb. 23, 1907)-v. 2, no. 43 (Dec. 14, 1907).</subfield></datafield><datafield ind1=" " ind2=" " tag="752"><subfield code="a">United States</subfield><subfield code="b">Kansas</subfield><subfield code="c">Reno</subfield><subfield code="d">Hutchinson.</subfield></datafield><datafield ind1="0" ind2="4" tag="780"><subfield code="t">Hutchinson times (Hutchinson, Kan. : 1906)</subfield><subfield code="w">(DLC)sn 85030677</subfield></datafield><datafield ind1="0" ind2="4" tag="780"><subfield code="t">Pretty Prairie record</subfield><subfield code="w">(DLC)sn 85030745</subfield></datafield><datafield ind1="0" ind2="0" tag="785"><subfield code="t">Hutchinson times (Hutchinson, Kan. : 1907)</subfield><subfield code="w">(DLC)sn 85030679</subfield><subfield code="w">(OCoLC)12334905</subfield></datafield><datafield ind1="1" ind2=" " tag="029"><subfield code="a">AU@</subfield><subfield code="b">000025833365</subfield></datafield></record>